% Use https://mathscinet.ams.org/mrlookup to find bibtex data for published articles
% Other websites such as google scholar also provide bibtex data
% Choose "BibTex" format on the website before you search
% The first parameter in each BibTex entry
% (for example Tverberg:1996tb) is the cite key for you article




@online {proj:auction,
    AUTHOR = {Tunguz, Bojan},
     TITLE = {Used Car Auction Prices},
      NOTE = {Data scraped and posted by Bojan Tunguz},
      YEAR = {2015},
  howpublished = {\url{https://www.kaggle.com/tunguz/used-car-auction-prices}},
  urldate = {06-01-21}
}

@online {proj:manheim,
    AUTHOR = {Manheim Market Report},
     TITLE = {Manheim Market Report Valuation},
      YEAR = {2021},
  howpublished = {\url{https://publish.manheim.com/en/services/valuation}},
  urldate = {09-11-21}
}

@online {proj:normalize,
    AUTHOR = {Badri Adhikari},
     TITLE = {[AI] How to normalize and un-normalize a tabular data for neural networks?},
      YEAR = {2020},
  howpublished = {\url{https://www.youtube.com/watch?v=Tu8Dl3zorgg}},
  urldate = {09-12-21}
}